%----------------------------------------------------------------------------------------
% Einf√ºhrung in das Wissenschaftliche Arbeiten 
% Literature BibTeX template (English)
% Interactive Graphics and Simulation Group
% University of Innsbruck
%----------------------------------------------------------------------------------------

@misc{petkov:presentation,
  title={2D Gabor functions and filters for image processing and computer vision},
  author={{Nicolai Petkov}},
  howpublished={\url{http://bmia.bmt.tue.nl/education/courses/fev/course/pdf/Gabor_functions.pdf}},
  note={Accessed: 09-11-2015}
}

@article{fischler1981random,
  title={Random sample consensus: a paradigm for model fitting with applications to image analysis and automated cartography},
  author={Fischler, Martin A and Bolles, Robert C},
  journal={Communications of the ACM},
  volume={24},
  number={6},
  pages={381--395},
  year={1981},
  publisher={ACM}
}

@article{freeman1991design,
  title={The design and use of steerable filters},
  author={Freeman, William T. and Adelson, Edward H},
  journal={IEEE Transactions on Pattern Analysis \& Machine Intelligence},
  number={9},
  pages={891--906},
  year={1991},
  publisher={Ieee}
}

@misc{tinyobjloader,
	title={{tinyobjloader}},
	author={Syoyo Fujita},
	howpublished={\url{http://syoyo.github.io/tinyobjloader/}},
	note={Accessed: 30-01-2017}
}
